@book{cinlar2011,
  doi = {10.1007/978-0-387-87859-1},
  url = {https://doi.org/10.1007/978-0-387-87859-1},
  year  = {2011},
  publisher = {Springer New York},
  author = {Erhan {\c{C}}inlar},
  title = {Probability and Stochastics}
}

@misc{KSigman2009,
author="Karl Simgman",
title="Lecture Notes on Stochastic Modeling {I}",
year="2009",
url="http://www.columbia.edu/~ks20/stochastic-I/stochastic-I.html",
publisher="Columbia University, New York"
}


@misc{DWalnut2011,
author="David Walnut",
title="Convergence Theorems",
note="Lecture notes",
year="2011",
url="http://math.gmu.edu/~dwalnut/teach/Math776/Spring11/776s11lec09_notes.pdf",
publisher="George Mason University"
}

@misc{Varadhan,
author="S.R. Srinivasa Varadhan",
url="https://www.math.nyu.edu/faculty/varadhan/",
title="Lecture notes on limit theorems",
publisher="New York University",
year="2002"
}

@misc{Ambrosio2013,
title="Relation between almost surely absolutely bounded random variables and their absolute moments",
author="Andrea Ambrosio",
year="2013",
url="http://planetmath.org/sites/default/files/texpdf/38346.pdf"
}


@misc{RLWolpert05,
title="Probability and Measure",
author = "Robert L. Wolpert",
year="2005",
url="https://www2.stat.duke.edu/courses/Spring05/sta205/lec/s05wk07.pdf",
note="Lecture notes"}


@book{Kallnberg,
author="Olav Kallnberg",
title="Foundations of modern probability",
publisher="Springer",
address="",
year="1997"
}